
@misc{ wiki:1,
   author = "Wikipedia",
   title = "Cepstrum --- {W}ikipedia{,} The Free Encyclopedia",
   year = "2015",
   url = "https://en.wikipedia.org/wiki/Cepstrum",
   note = "[Online; accessed December-2015]"
}

@online{ mfcc:tutorial,
   author = "James Lyons",
   title = "Mel Frequency Cepstral Coefficient (MFCC) tutorial",
   year = "2012",
   url = "http://www.practicalcryptography.com/miscellaneous/machine-learning/guide-mel-frequency-cepstral-coefficients-mfccs/",
   note = "[Online; accessed December-2015]"
}

@online{ github,
   author = "James Lyons",
   title = "Python Speech Features",
   year = "2015",
   url = "https://github.com/jameslyons/python_speech_features",
   note = "[Online; accessed December-2015]"
}
